@article{johnson2004model,
  title={Model selection in ecology and evolution},
  author={Johnson, Jerald B and Omland, Kristian S},
  journal={Trends in ecology \& evolution},
  volume={19},
  number={2},
  pages={101--108},
  year={2004},
  publisher={Elsevier}
}

@article{park2012linkage,
  title={Linkage disequilibrium decay and past population history in the human genome},
  author={Park, Leeyoung},
  journal={PloS one},
  volume={7},
  number={10},
  pages={e46603},
  year={2012},
  publisher={Public Library of Science}
}

@article{slatkin2008linkage,
  title={Linkage disequilibriumâ€”understanding the evolutionary past and mapping the medical future},
  author={Slatkin, Montgomery},
  journal={Nature Reviews Genetics},
  volume={9},
  number={6},
  pages={477--485},
  year={2008},
  publisher={Nature Publishing Group}
}

@article{weinberg1909vererbungsgesetze,
  title={{\"U}ber Vererbungsgesetze beim Menschen},
  author={Weinberg, Wilhelm},
  journal={Molecular and General Genetics MGG},
  volume={2},
  number={1},
  pages={276--330},
  year={1909},
  publisher={Springer}
}

@article{hill1981estimation,
  title={Estimation of effective population size from data on linkage disequilibrium},
  author={Hill, William G},
  journal={Genetical Research},
  volume={38},
  number={03},
  pages={209--216},
  year={1981},
  publisher={Cambridge Univ Press}
}


@article{korneliussen_angsd:_2014,
	title = {{ANGSD}: Analysis of Next Generation Sequencing Data},
	volume = {15},
	copyright = {http://creativecommons.org/licenses/by/2.0/},
	issn = {1471-2105},
	shorttitle = {{ANGSD}},
	url = {http://www.biomedcentral.com/1471-2105/15/356/abstract},
	doi = {10.1186/s12859-014-0356-4},
	abstract = {High-throughput {DNA} sequencing technologies are generating vast amounts of data. Fast, flexible and memory efficient implementations are needed in order to facilitate analyses of thousands of samples simultaneously.},
	language = {en},
	number = {1},
	urldate = {2014-11-26},
	journal = {{BMC} Bioinformatics},
	author = {Korneliussen, Thorfinn S. and Albrechtsen, Anders and Nielsen, Rasmus},
	month = nov,
	year = {2014},
	pages = {356},
}

@article{hudson2002generating,
  title={Generating samples under a Wright--Fisher neutral model of genetic variation},
  author={Hudson, Richard R},
  journal={Bioinformatics},
  volume={18},
  number={2},
  pages={337--338},
  year={2002},
  publisher={Oxford Univ Press}
}

@article{newville2016lmfit,
  title={LMFIT: non-linear least-square minimization and curve-fitting for Python},
  author={Newville, Matt and Nelson, Andrew and Stensitzki, Till and Ingargiola, Antonino and Allan, Dan and Ram, Yoav and Deil, Christoph and Pasquevich, Gustavo and Spillane, Tim and Brodtkorb, Per A and others},
  journal={Astrophysics Source Code Library},
  year={2016}
}

@article{reich2001linkage,
  title={Linkage disequilibrium in the human genome},
  author={Reich, David E and Cargill, Michele and Bolk, Stacey and Ireland, James and Sabeti, Pardis C and Richter, Daniel J and Lavery, Thomas and Kouyoumjian, Rose and Farhadian, Shelli F and Ward, Ryk and others},
  journal={Nature},
  volume={411},
  number={6834},
  pages={199--204},
  year={2001},
  publisher={Nature Publishing Group}
}

@article{10002015global,
  title={A global reference for human genetic variation},
  author={1000 Genomes Project Consortium and others},
  journal={Nature},
  volume={526},
  number={7571},
  pages={68--74},
  year={2015},
  publisher={Nature Publishing Group}
}

@book{hartl1997principles,
  title={Principles of population genetics},
  author={Hartl, Daniel L and Clark, Andrew G and Clark, Andrew G},
  volume={116},
  year={1997},
  publisher={Sinauer associates Sunderland}
}

@article{kruglyak1999prospects,
  title={Prospects for whole-genome linkage disequilibrium mapping of common disease genes},
  author={Kruglyak, Leonid},
  journal={Nature genetics},
  volume={22},
  number={2},
  pages={139--144},
  year={1999},
  publisher={Nature Publishing Group}
}

@article{gray2009linkage,
  title={Linkage disequilibrium and demographic history of wild and domestic canids},
  author={Gray, Melissa M and Granka, Julie M and Bustamante, Carlos D and Sutter, Nathan B and Boyko, Adam R and Zhu, Lan and Ostrander, Elaine A and Wayne, Robert K},
  journal={Genetics},
  volume={181},
  number={4},
  pages={1493--1505},
  year={2009},
  publisher={Genetics Soc America}
}


@article{mcrae2005modeling,
  title={Modeling linkage disequilibrium in natural populations: the example of the Soay sheep population of St. Kilda, Scotland},
  author={McRae, Allan F and Pemberton, Josephine M and Visscher, Peter M},
  journal={Genetics},
  volume={171},
  number={1},
  pages={251--258},
  year={2005},
  publisher={Genetics Soc America}
}

@article{hernandez2007demographic,
  title={Demographic histories and patterns of linkage disequilibrium in Chinese and Indian rhesus macaques},
  author={Hernandez, Ryan D and Hubisz, Melissa J and Wheeler, David A and Smith, David G and Ferguson, Betsy and Rogers, Jeffrey and Nazareth, Lynne and Indap, Amit and Bourquin, Traci and McPherson, John and others},
  journal={Science},
  volume={316},
  number={5822},
  pages={240--243},
  year={2007},
  publisher={American Association for the Advancement of Science}
}

@article{pritchard2001linkage,
  title={Linkage disequilibrium in humans: models and data},
  author={Pritchard, Jonathan K and Przeworski, Molly},
  journal={The American Journal of Human Genetics},
  volume={69},
  number={1},
  pages={1--14},
  year={2001},
  publisher={Elsevier}
}

@article{slate2007admixture,
  title={Admixture and patterns of linkage disequilibrium in a free-living vertebrate population},
  author={Slate, J and Pemberton, JM},
  journal={Journal of evolutionary biology},
  volume={20},
  number={4},
  pages={1415--1427},
  year={2007},
  publisher={Wiley Online Library}
}
