@article{johnson2004model,
  title={Model selection in ecology and evolution},
  author={Johnson, Jerald B and Omland, Kristian S},
  journal={Trends in ecology \& evolution},
  volume={19},
  number={2},
  pages={101--108},
  year={2004},
  publisher={Elsevier}
}

@article{park2012linkage,
  title={Linkage disequilibrium decay and past population history in the human genome},
  author={Park, Leeyoung},
  journal={PloS one},
  volume={7},
  number={10},
  pages={e46603},
  year={2012},
  publisher={Public Library of Science}
}

@article{slatkin2008linkage,
  title={Linkage disequilibriumâ€”understanding the evolutionary past and mapping the medical future},
  author={Slatkin, Montgomery},
  journal={Nature Reviews Genetics},
  volume={9},
  number={6},
  pages={477--485},
  year={2008},
  publisher={Nature Publishing Group}
}

@article{weinberg1909vererbungsgesetze,
  title={{\"U}ber Vererbungsgesetze beim Menschen},
  author={Weinberg, Wilhelm},
  journal={Molecular and General Genetics MGG},
  volume={2},
  number={1},
  pages={276--330},
  year={1909},
  publisher={Springer}
}

@article{hill1981estimation,
  title={Estimation of effective population size from data on linkage disequilibrium},
  author={Hill, William G},
  journal={Genetical Research},
  volume={38},
  number={03},
  pages={209--216},
  year={1981},
  publisher={Cambridge Univ Press}
}


